@book{janes2023,
  author    = "{Jane's Information Group}",
  title     = "{Jane's All the World's Aircraft: Development and Production}",
  year      = {2023},
  publisher = "{Janeâ€™s Information Group}",
  address   = "{Coulsdon, UK}",
  edition   = {114},
}
